<?xml version="1.0" encoding="UTF-8" ?><marc:collection xmlns:marc="http://www.loc.gov/MARC21/slim" xmlns:xsi="http://www.w3.org/2001/XMLSchema-instance" xsi:schemaLocation="http://www.loc.gov/MARC21/slim http://www.loc.gov/standards/marcxml/schema/MARC21slim.xsd">
<marc:record><marc:leader>00923nam a2200241Ia 4500</marc:leader>
<marc:controlfield tag="005">20110814063700.0</marc:controlfield>
<marc:controlfield tag="008">110419r20101988bl      r     000 0 por d</marc:controlfield><marc:datafield tag="020" ind1=" " ind2=" "><marc:subfield code="a">9788570380821</marc:subfield></marc:datafield><marc:datafield tag="040" ind1=" " ind2=" "><marc:subfield code="a">USP/SIBI</marc:subfield></marc:datafield><marc:datafield tag="041" ind1="1" ind2=" "><marc:subfield code="a">por</marc:subfield><marc:subfield code="h">fre</marc:subfield></marc:datafield><marc:datafield tag="044" ind1=" " ind2=" "><marc:subfield code="a">bl</marc:subfield></marc:datafield><marc:datafield tag="092" ind1="0" ind2=" "><marc:subfield code="a">306.7</marc:subfield></marc:datafield><marc:datafield tag="100" ind1="1" ind2=" "><marc:subfield code="a">Foucault, Michel</marc:subfield><marc:subfield code="d">1926-1984</marc:subfield></marc:datafield><marc:datafield tag="245" ind1="1" ind2="0"><marc:subfield code="a">História da sexualidade 1</marc:subfield><marc:subfield code="b">a vontade de saber</marc:subfield><marc:subfield code="c">Michel Foucault ; tradução de Maria Thereza da Costa Albuquerque, J. A. Guilhon Albuquerque</marc:subfield></marc:datafield><marc:datafield tag="246" ind1="1" ind2="0"><marc:subfield code="a">Vontade de saber</marc:subfield></marc:datafield><marc:datafield tag="260" ind1=" " ind2=" "><marc:subfield code="a">Rio de Janeiro</marc:subfield><marc:subfield code="b">Edições Graal</marc:subfield><marc:subfield code="c">2010, 1988</marc:subfield></marc:datafield><marc:datafield tag="300" ind1=" " ind2=" "><marc:subfield code="a">176 p.</marc:subfield><marc:subfield code="c">21 cm.</marc:subfield></marc:datafield><marc:datafield tag="490" ind1="0" ind2=" "><marc:subfield code="a">Biblioteca de filosofia e história das ciências</marc:subfield></marc:datafield><marc:datafield tag="534" ind1=" " ind2=" "><marc:subfield code="p">Titulo original</marc:subfield><marc:subfield code="t">Histoire de la sexualité 1 : La volonté de savoir</marc:subfield></marc:datafield><marc:datafield tag="650" ind1=" " ind2="7"><marc:subfield code="a">SEXUALIDADE (HISTÓRIA;TEORIA;ASPECTOS SOCIAIS)</marc:subfield><marc:subfield code="2">larpcal</marc:subfield></marc:datafield><marc:datafield tag="700" ind1="1" ind2=" "><marc:subfield code="a">Albuquerque, Maria Thereza da Costa</marc:subfield><marc:subfield code="4">trad</marc:subfield></marc:datafield><marc:datafield tag="700" ind1="1" ind2=" "><marc:subfield code="a">Albuquerque, José Augusto Guilhon</marc:subfield><marc:subfield code="4">trad</marc:subfield></marc:datafield><marc:datafield tag="945" ind1=" " ind2=" "><marc:subfield code="a">L</marc:subfield><marc:subfield code="b">LIVRO</marc:subfield><marc:subfield code="c">01</marc:subfield></marc:datafield></marc:record>
</marc:collection>
